@BOOK{Smith:2012qr,
	title = {{B}ook {T}itle},
	publisher = {Publisher},
	author = {Smith, J.~M. and Jones, A.~B.},
	year = {2012},
	edition = {7th},
}

@ARTICLE{Smith:2013jd,
	author = {Jones, A.~B. and Smith, J.~M.},
	title = {{A}rticle {T}itle},
	journal = {Journal title},
	year = {2013},
	volume = {13},
	pages = {123-456},
	number = {52},
	month = {March},
	publisher = {Publisher}
}

@ARTICLE{OdomCorr, 
	author={Borenstein, J. and Liqiang Feng}, 
	journal={Robotics and Automation, IEEE Transactions on}, 
	title={Measurement and correction of systematic odometry errors in mobile robots}, 
	year={1996}, 
	month={Dec}, 
	volume={12}, 
	number={6}, 
	pages={869-880}, 
	doi={10.1109/70.544770}, 
	ISSN={1042-296X}
}